%YAML 1.1
%TAG !u! tag:unity3d.com,2011:
--- !u!29 &1
SceneSettings:
  m_ObjectHideFlags: 0
  m_PVSData: 
  m_PVSObjectsArray: []
  m_PVSPortalsArray: []
  m_OcclusionBakeSettings:
    smallestOccluder: 5
    smallestHole: .25
    backfaceThreshold: 100
--- !u!104 &2
RenderSettings:
  m_ObjectHideFlags: 0
  serializedVersion: 6
  m_Fog: 0
  m_FogColor: {r: .5, g: .5, b: .5, a: 1}
  m_FogMode: 3
  m_FogDensity: .00999999978
  m_LinearFogStart: 0
  m_LinearFogEnd: 300
  m_AmbientSkyColor: {r: .211999997, g: .226999998, b: .259000003, a: 1}
  m_AmbientEquatorColor: {r: .114, g: .125, b: .133000001, a: 1}
  m_AmbientGroundColor: {r: .0469999984, g: .0430000015, b: .0350000001, a: 1}
  m_AmbientIntensity: 1
  m_AmbientMode: 3
  m_SkyboxMaterial: {fileID: 0}
  m_HaloStrength: .5
  m_FlareStrength: 1
  m_FlareFadeSpeed: 3
  m_HaloTexture: {fileID: 0}
  m_SpotCookie: {fileID: 10001, guid: 0000000000000000e000000000000000, type: 0}
  m_DefaultReflectionMode: 0
  m_DefaultReflectionResolution: 128
  m_ReflectionBounces: 1
  m_ReflectionIntensity: 1
  m_CustomReflection: {fileID: 0}
  m_Sun: {fileID: 0}
--- !u!127 &3
LevelGameManager:
  m_ObjectHideFlags: 0
--- !u!157 &4
LightmapSettings:
  m_ObjectHideFlags: 0
  serializedVersion: 5
  m_GIWorkflowMode: 1
  m_LightmapsMode: 1
  m_GISettings:
    serializedVersion: 2
    m_BounceScale: 1
    m_IndirectOutputScale: 1
    m_AlbedoBoost: 1
    m_TemporalCoherenceThreshold: 1
    m_EnvironmentLightingMode: 0
    m_EnableBakedLightmaps: 0
    m_EnableRealtimeLightmaps: 0
  m_LightmapEditorSettings:
    serializedVersion: 3
    m_Resolution: 2
    m_BakeResolution: 40
    m_TextureWidth: 1024
    m_TextureHeight: 1024
    m_AOMaxDistance: 1
    m_Padding: 2
    m_CompAOExponent: 0
    m_LightmapParameters: {fileID: 0}
    m_TextureCompression: 1
    m_FinalGather: 0
    m_FinalGatherRayCount: 1024
  m_LightmapSnapshot: {fileID: 0}
  m_RuntimeCPUUsage: 25
--- !u!196 &5
NavMeshSettings:
  serializedVersion: 2
  m_ObjectHideFlags: 0
  m_BuildSettings:
    serializedVersion: 2
    agentRadius: .5
    agentHeight: 2
    agentSlope: 45
    agentClimb: .400000006
    ledgeDropHeight: 0
    maxJumpAcrossDistance: 0
    accuratePlacement: 0
    minRegionArea: 2
    cellSize: .166666672
    manualCellSize: 0
  m_NavMeshData: {fileID: 0}
--- !u!1001 &620027398
Prefab:
  m_ObjectHideFlags: 0
  serializedVersion: 2
  m_Modification:
    m_TransformParent: {fileID: 0}
    m_Modifications:
    - target: {fileID: 486926, guid: c9032b02cd4e93c4991b9b80aac74f8d, type: 2}
      propertyPath: m_LocalPosition.x
      value: 6.5999999
      objectReference: {fileID: 0}
    - target: {fileID: 486926, guid: c9032b02cd4e93c4991b9b80aac74f8d, type: 2}
      propertyPath: m_LocalPosition.y
      value: 0
      objectReference: {fileID: 0}
    - target: {fileID: 486926, guid: c9032b02cd4e93c4991b9b80aac74f8d, type: 2}
      propertyPath: m_LocalPosition.z
      value: 0
      objectReference: {fileID: 0}
    - target: {fileID: 486926, guid: c9032b02cd4e93c4991b9b80aac74f8d, type: 2}
      propertyPath: m_LocalRotation.x
      value: 0
      objectReference: {fileID: 0}
    - target: {fileID: 486926, guid: c9032b02cd4e93c4991b9b80aac74f8d, type: 2}
      propertyPath: m_LocalRotation.y
      value: 0
      objectReference: {fileID: 0}
    - target: {fileID: 486926, guid: c9032b02cd4e93c4991b9b80aac74f8d, type: 2}
      propertyPath: m_LocalRotation.z
      value: 0
      objectReference: {fileID: 0}
    - target: {fileID: 486926, guid: c9032b02cd4e93c4991b9b80aac74f8d, type: 2}
      propertyPath: m_LocalRotation.w
      value: 1
      objectReference: {fileID: 0}
    - target: {fileID: 486926, guid: c9032b02cd4e93c4991b9b80aac74f8d, type: 2}
      propertyPath: m_RootOrder
      value: 4
      objectReference: {fileID: 0}
    - target: {fileID: 5836674, guid: c9032b02cd4e93c4991b9b80aac74f8d, type: 2}
      propertyPath: m_Material
      value: 
      objectReference: {fileID: 6200000, guid: ec583bd75d890c84dbbb39e3e0d315d5, type: 2}
    - target: {fileID: 11445086, guid: c9032b02cd4e93c4991b9b80aac74f8d, type: 2}
      propertyPath: frequencyLine
      value: 
      objectReference: {fileID: 718252098}
    - target: {fileID: 6158144, guid: c9032b02cd4e93c4991b9b80aac74f8d, type: 2}
      propertyPath: m_Material
      value: 
      objectReference: {fileID: 6200000, guid: ec583bd75d890c84dbbb39e3e0d315d5, type: 2}
    - target: {fileID: 11450326, guid: c9032b02cd4e93c4991b9b80aac74f8d, type: 2}
      propertyPath: playerPrefab
      value: 
      objectReference: {fileID: 150518, guid: c9032b02cd4e93c4991b9b80aac74f8d, type: 2}
    - target: {fileID: 5034354, guid: c9032b02cd4e93c4991b9b80aac74f8d, type: 2}
      propertyPath: m_IsKinematic
      value: 0
      objectReference: {fileID: 0}
    - target: {fileID: 11450326, guid: c9032b02cd4e93c4991b9b80aac74f8d, type: 2}
      propertyPath: player
      value: 
      objectReference: {fileID: 1241336064}
    - target: {fileID: 452440, guid: c9032b02cd4e93c4991b9b80aac74f8d, type: 2}
      propertyPath: m_RootOrder
      value: 4
      objectReference: {fileID: 0}
    - target: {fileID: 406082, guid: c9032b02cd4e93c4991b9b80aac74f8d, type: 2}
      propertyPath: m_RootOrder
      value: 3
      objectReference: {fileID: 0}
    - target: {fileID: 497238, guid: c9032b02cd4e93c4991b9b80aac74f8d, type: 2}
      propertyPath: m_RootOrder
      value: 2
      objectReference: {fileID: 0}
    - target: {fileID: 420456, guid: c9032b02cd4e93c4991b9b80aac74f8d, type: 2}
      propertyPath: m_RootOrder
      value: 0
      objectReference: {fileID: 0}
    - target: {fileID: 429366, guid: c9032b02cd4e93c4991b9b80aac74f8d, type: 2}
      propertyPath: m_RootOrder
      value: 1
      objectReference: {fileID: 0}
    - target: {fileID: 11445086, guid: c9032b02cd4e93c4991b9b80aac74f8d, type: 2}
      propertyPath: movement.speed
      value: .5
      objectReference: {fileID: 0}
    - target: {fileID: 168986, guid: c9032b02cd4e93c4991b9b80aac74f8d, type: 2}
      propertyPath: m_IsActive
      value: 1
      objectReference: {fileID: 0}
    - target: {fileID: 6186038, guid: c9032b02cd4e93c4991b9b80aac74f8d, type: 2}
      propertyPath: m_IsTrigger
      value: 1
      objectReference: {fileID: 0}
    - target: {fileID: 11450326, guid: c9032b02cd4e93c4991b9b80aac74f8d, type: 2}
      propertyPath: groundPrefab
      value: 
      objectReference: {fileID: 138742, guid: ab419944975da3c409f948d93e636130, type: 2}
    m_RemovedComponents: []
  m_ParentPrefab: {fileID: 100100000, guid: c9032b02cd4e93c4991b9b80aac74f8d, type: 2}
  m_IsPrefabParent: 0
--- !u!20 &631103338 stripped
Camera:
  m_PrefabParentObject: {fileID: 2012158, guid: c9032b02cd4e93c4991b9b80aac74f8d,
    type: 2}
  m_PrefabInternal: {fileID: 620027398}
--- !u!1 &676531603
GameObject:
  m_ObjectHideFlags: 0
  m_PrefabParentObject: {fileID: 0}
  m_PrefabInternal: {fileID: 0}
  serializedVersion: 4
  m_Component:
  - 224: {fileID: 676531607}
  - 223: {fileID: 676531606}
  - 114: {fileID: 676531605}
  - 114: {fileID: 676531604}
  - 114: {fileID: 676531608}
  m_Layer: 5
  m_Name: Canvas
  m_TagString: Untagged
  m_Icon: {fileID: 0}
  m_NavMeshLayer: 0
  m_StaticEditorFlags: 0
  m_IsActive: 1
--- !u!114 &676531604
MonoBehaviour:
  m_ObjectHideFlags: 0
  m_PrefabParentObject: {fileID: 0}
  m_PrefabInternal: {fileID: 0}
  m_GameObject: {fileID: 676531603}
  m_Enabled: 1
  m_EditorHideFlags: 0
  m_Script: {fileID: 1301386320, guid: f5f67c52d1564df4a8936ccd202a3bd8, type: 3}
  m_Name: 
  m_EditorClassIdentifier: 
  m_IgnoreReversedGraphics: 1
  m_BlockingObjects: 0
  m_BlockingMask:
    serializedVersion: 2
    m_Bits: 4294967295
--- !u!114 &676531605
MonoBehaviour:
  m_ObjectHideFlags: 0
  m_PrefabParentObject: {fileID: 0}
  m_PrefabInternal: {fileID: 0}
  m_GameObject: {fileID: 676531603}
  m_Enabled: 1
  m_EditorHideFlags: 0
  m_Script: {fileID: 1980459831, guid: f5f67c52d1564df4a8936ccd202a3bd8, type: 3}
  m_Name: 
  m_EditorClassIdentifier: 
  m_UiScaleMode: 0
  m_ReferencePixelsPerUnit: 100
  m_ScaleFactor: 1
  m_ReferenceResolution: {x: 800, y: 600}
  m_ScreenMatchMode: 0
  m_MatchWidthOrHeight: 0
  m_PhysicalUnit: 3
  m_FallbackScreenDPI: 96
  m_DefaultSpriteDPI: 96
  m_DynamicPixelsPerUnit: 1
--- !u!223 &676531606
Canvas:
  m_ObjectHideFlags: 0
  m_PrefabParentObject: {fileID: 0}
  m_PrefabInternal: {fileID: 0}
  m_GameObject: {fileID: 676531603}
  m_Enabled: 1
  serializedVersion: 2
  m_RenderMode: 1
  m_Camera: {fileID: 631103338}
  m_PlaneDistance: 1
  m_PixelPerfect: 1
  m_ReceivesEvents: 1
  m_OverrideSorting: 0
  m_OverridePixelPerfect: 0
  m_SortingLayerID: 0
  m_SortingOrder: 0
--- !u!224 &676531607
RectTransform:
  m_ObjectHideFlags: 0
  m_PrefabParentObject: {fileID: 0}
  m_PrefabInternal: {fileID: 0}
  m_GameObject: {fileID: 676531603}
  m_LocalRotation: {x: 0, y: 0, z: 0, w: 1}
  m_LocalPosition: {x: 0, y: 0, z: 0}
  m_LocalScale: {x: 0, y: 0, z: 0}
  m_Children:
  - {fileID: 1714368105}
  - {fileID: 2058089126}
  - {fileID: 2081124989}
  m_Father: {fileID: 0}
  m_RootOrder: 5
  m_AnchorMin: {x: 0, y: 0}
  m_AnchorMax: {x: 0, y: 0}
  m_AnchoredPosition: {x: 0, y: 0}
  m_SizeDelta: {x: 0, y: 0}
  m_Pivot: {x: 0, y: 0}
--- !u!114 &676531608
MonoBehaviour:
  m_ObjectHideFlags: 0
  m_PrefabParentObject: {fileID: 0}
  m_PrefabInternal: {fileID: 0}
  m_GameObject: {fileID: 676531603}
  m_Enabled: 1
  m_EditorHideFlags: 0
  m_Script: {fileID: 11500000, guid: 8d6cb7e8bc9d1e246b97df3e537b5378, type: 3}
  m_Name: 
  m_EditorClassIdentifier: 
  _GUIStyles:
    dirButton:
      m_Name: button
      m_Normal:
        m_Background: {fileID: 11006, guid: 0000000000000000e000000000000000, type: 0}
        m_TextColor: {r: .899999976, g: .899999976, b: .899999976, a: 1}
      m_Hover:
        m_Background: {fileID: 11003, guid: 0000000000000000e000000000000000, type: 0}
        m_TextColor: {r: 1, g: 1, b: 1, a: 1}
      m_Active:
        m_Background: {fileID: 11002, guid: 0000000000000000e000000000000000, type: 0}
        m_TextColor: {r: .899999976, g: .899999976, b: .899999976, a: 1}
      m_Focused:
        m_Background: {fileID: 0}
        m_TextColor: {r: 1, g: 1, b: 1, a: 1}
      m_OnNormal:
        m_Background: {fileID: 11005, guid: 0000000000000000e000000000000000, type: 0}
        m_TextColor: {r: .90196079, g: .90196079, b: .90196079, a: 1}
      m_OnHover:
        m_Background: {fileID: 11004, guid: 0000000000000000e000000000000000, type: 0}
        m_TextColor: {r: 1, g: 1, b: 1, a: 1}
      m_OnActive:
        m_Background: {fileID: 11002, guid: 0000000000000000e000000000000000, type: 0}
        m_TextColor: {r: .899999976, g: .899999976, b: .899999976, a: 1}
      m_OnFocused:
        m_Background: {fileID: 0}
        m_TextColor: {r: 0, g: 0, b: 0, a: 1}
      m_Border:
        m_Left: 6
        m_Right: 6
        m_Top: 6
        m_Bottom: 4
      m_Margin:
        m_Left: 4
        m_Right: 4
        m_Top: 4
        m_Bottom: 4
      m_Padding:
        m_Left: 10
        m_Right: 10
        m_Top: 5
        m_Bottom: 3
      m_Overflow:
        m_Left: 0
        m_Right: 0
        m_Top: 0
        m_Bottom: 0
      m_Font: {fileID: 0}
      m_FontSize: 0
      m_FontStyle: 0
      m_Alignment: 3
      m_WordWrap: 1
      m_RichText: 1
      m_TextClipping: 1
      m_ImagePosition: 0
      m_ContentOffset: {x: 0, y: 0}
      m_FixedWidth: 0
      m_FixedHeight: 0
      m_StretchWidth: 1
      m_StretchHeight: 0
    backButton:
      m_Name: button
      m_Normal:
        m_Background: {fileID: 11006, guid: 0000000000000000e000000000000000, type: 0}
        m_TextColor: {r: .899999976, g: .899999976, b: .899999976, a: 1}
      m_Hover:
        m_Background: {fileID: 11003, guid: 0000000000000000e000000000000000, type: 0}
        m_TextColor: {r: 1, g: 1, b: 1, a: 1}
      m_Active:
        m_Background: {fileID: 11002, guid: 0000000000000000e000000000000000, type: 0}
        m_TextColor: {r: .899999976, g: .899999976, b: .899999976, a: 1}
      m_Focused:
        m_Background: {fileID: 0}
        m_TextColor: {r: 1, g: 1, b: 1, a: 1}
      m_OnNormal:
        m_Background: {fileID: 11005, guid: 0000000000000000e000000000000000, type: 0}
        m_TextColor: {r: .90196079, g: .90196079, b: .90196079, a: 1}
      m_OnHover:
        m_Background: {fileID: 11004, guid: 0000000000000000e000000000000000, type: 0}
        m_TextColor: {r: 1, g: 1, b: 1, a: 1}
      m_OnActive:
        m_Background: {fileID: 11002, guid: 0000000000000000e000000000000000, type: 0}
        m_TextColor: {r: .899999976, g: .899999976, b: .899999976, a: 1}
      m_OnFocused:
        m_Background: {fileID: 0}
        m_TextColor: {r: 0, g: 0, b: 0, a: 1}
      m_Border:
        m_Left: 6
        m_Right: 6
        m_Top: 6
        m_Bottom: 4
      m_Margin:
        m_Left: 4
        m_Right: 4
        m_Top: 4
        m_Bottom: 4
      m_Padding:
        m_Left: 0
        m_Right: 0
        m_Top: 6
        m_Bottom: 6
      m_Overflow:
        m_Left: 0
        m_Right: 0
        m_Top: 0
        m_Bottom: 0
      m_Font: {fileID: 0}
      m_FontSize: 0
      m_FontStyle: 0
      m_Alignment: 4
      m_WordWrap: 0
      m_RichText: 1
      m_TextClipping: 1
      m_ImagePosition: 0
      m_ContentOffset: {x: 0, y: 0}
      m_FixedWidth: 80
      m_FixedHeight: 0
      m_StretchWidth: 1
      m_StretchHeight: 0
    fileButton:
      m_Name: button
      m_Normal:
        m_Background: {fileID: 11006, guid: 0000000000000000e000000000000000, type: 0}
        m_TextColor: {r: .899999976, g: .899999976, b: .899999976, a: 1}
      m_Hover:
        m_Background: {fileID: 11003, guid: 0000000000000000e000000000000000, type: 0}
        m_TextColor: {r: 1, g: 1, b: 1, a: 1}
      m_Active:
        m_Background: {fileID: 11002, guid: 0000000000000000e000000000000000, type: 0}
        m_TextColor: {r: .899999976, g: .899999976, b: .899999976, a: 1}
      m_Focused:
        m_Background: {fileID: 0}
        m_TextColor: {r: 1, g: 1, b: 1, a: 1}
      m_OnNormal:
        m_Background: {fileID: 11005, guid: 0000000000000000e000000000000000, type: 0}
        m_TextColor: {r: .90196079, g: .90196079, b: .90196079, a: 1}
      m_OnHover:
        m_Background: {fileID: 11004, guid: 0000000000000000e000000000000000, type: 0}
        m_TextColor: {r: 1, g: 1, b: 1, a: 1}
      m_OnActive:
        m_Background: {fileID: 11002, guid: 0000000000000000e000000000000000, type: 0}
        m_TextColor: {r: .899999976, g: .899999976, b: .899999976, a: 1}
      m_OnFocused:
        m_Background: {fileID: 0}
        m_TextColor: {r: 0, g: 0, b: 0, a: 1}
      m_Border:
        m_Left: 6
        m_Right: 6
        m_Top: 6
        m_Bottom: 4
      m_Margin:
        m_Left: 4
        m_Right: 4
        m_Top: 4
        m_Bottom: 4
      m_Padding:
        m_Left: 10
        m_Right: 10
        m_Top: 3
        m_Bottom: 3
      m_Overflow:
        m_Left: 0
        m_Right: 0
        m_Top: 0
        m_Bottom: 0
      m_Font: {fileID: 0}
      m_FontSize: 0
      m_FontStyle: 0
      m_Alignment: 3
      m_WordWrap: 1
      m_RichText: 1
      m_TextClipping: 1
      m_ImagePosition: 0
      m_ContentOffset: {x: 0, y: 0}
      m_FixedWidth: 0
      m_FixedHeight: 0
      m_StretchWidth: 1
      m_StretchHeight: 0
    cwdField:
      m_Name: textfield
      m_Normal:
        m_Background: {fileID: 11024, guid: 0000000000000000e000000000000000, type: 0}
        m_TextColor: {r: 1, g: 1, b: 1, a: 1}
      m_Hover:
        m_Background: {fileID: 11026, guid: 0000000000000000e000000000000000, type: 0}
        m_TextColor: {r: .899999976, g: .899999976, b: .899999976, a: 1}
      m_Active:
        m_Background: {fileID: 0}
        m_TextColor: {r: 0, g: 0, b: 0, a: 1}
      m_Focused:
        m_Background: {fileID: 11026, guid: 0000000000000000e000000000000000, type: 0}
        m_TextColor: {r: 1, g: 1, b: 1, a: 1}
      m_OnNormal:
        m_Background: {fileID: 11025, guid: 0000000000000000e000000000000000, type: 0}
        m_TextColor: {r: 1, g: 1, b: 1, a: 1}
      m_OnHover:
        m_Background: {fileID: 0}
        m_TextColor: {r: 0, g: 0, b: 0, a: 1}
      m_OnActive:
        m_Background: {fileID: 0}
        m_TextColor: {r: 0, g: 0, b: 0, a: 1}
      m_OnFocused:
        m_Background: {fileID: 0}
        m_TextColor: {r: 0, g: 0, b: 0, a: 1}
      m_Border:
        m_Left: 4
        m_Right: 4
        m_Top: 4
        m_Bottom: 4
      m_Margin:
        m_Left: 4
        m_Right: 4
        m_Top: 4
        m_Bottom: 4
      m_Padding:
        m_Left: 10
        m_Right: 10
        m_Top: 11
        m_Bottom: 11
      m_Overflow:
        m_Left: 0
        m_Right: 0
        m_Top: 0
        m_Bottom: 0
      m_Font: {fileID: 0}
      m_FontSize: 0
      m_FontStyle: 0
      m_Alignment: 0
      m_WordWrap: 1
      m_RichText: 0
      m_TextClipping: 1
      m_ImagePosition: 3
      m_ContentOffset: {x: 0, y: 0}
      m_FixedWidth: 0
      m_FixedHeight: 0
      m_StretchWidth: 1
      m_StretchHeight: 0
    titleLabel:
      m_Name: 
      m_Normal:
        m_Background: {fileID: 10300, guid: 0000000000000000f000000000000000, type: 0}
        m_TextColor: {r: 1, g: 1, b: 1, a: 1}
      m_Hover:
        m_Background: {fileID: 0}
        m_TextColor: {r: 0, g: 0, b: 0, a: 1}
      m_Active:
        m_Background: {fileID: 0}
        m_TextColor: {r: 0, g: 0, b: 0, a: 1}
      m_Focused:
        m_Background: {fileID: 0}
        m_TextColor: {r: 0, g: 0, b: 0, a: 1}
      m_OnNormal:
        m_Background: {fileID: 0}
        m_TextColor: {r: 0, g: 0, b: 0, a: 1}
      m_OnHover:
        m_Background: {fileID: 0}
        m_TextColor: {r: 0, g: 0, b: 0, a: 1}
      m_OnActive:
        m_Background: {fileID: 0}
        m_TextColor: {r: 0, g: 0, b: 0, a: 1}
      m_OnFocused:
        m_Background: {fileID: 0}
        m_TextColor: {r: 0, g: 0, b: 0, a: 1}
      m_Border:
        m_Left: 0
        m_Right: 0
        m_Top: 0
        m_Bottom: 0
      m_Margin:
        m_Left: 0
        m_Right: 0
        m_Top: 0
        m_Bottom: 0
      m_Padding:
        m_Left: 0
        m_Right: 0
        m_Top: 14
        m_Bottom: 14
      m_Overflow:
        m_Left: 0
        m_Right: 0
        m_Top: 0
        m_Bottom: 0
      m_Font: {fileID: 12800000, guid: fb8d4f926ddd8974397f66a29dae1039, type: 3}
      m_FontSize: 25
      m_FontStyle: 0
      m_Alignment: 4
      m_WordWrap: 0
      m_RichText: 1
      m_TextClipping: 0
      m_ImagePosition: 0
      m_ContentOffset: {x: 0, y: 0}
      m_FixedWidth: 0
      m_FixedHeight: 0
      m_StretchWidth: 1
      m_StretchHeight: 0
    fileLabel:
      m_Name: box
      m_Normal:
        m_Background: {fileID: 11001, guid: 0000000000000000e000000000000000, type: 0}
        m_TextColor: {r: 1, g: 0, b: 0, a: 1}
      m_Hover:
        m_Background: {fileID: 0}
        m_TextColor: {r: 0, g: 0, b: 0, a: 1}
      m_Active:
        m_Background: {fileID: 0}
        m_TextColor: {r: 0, g: 0, b: 0, a: 1}
      m_Focused:
        m_Background: {fileID: 0}
        m_TextColor: {r: 0, g: 0, b: 0, a: 1}
      m_OnNormal:
        m_Background: {fileID: 0}
        m_TextColor: {r: 0, g: 0, b: 0, a: 1}
      m_OnHover:
        m_Background: {fileID: 0}
        m_TextColor: {r: 0, g: 0, b: 0, a: 1}
      m_OnActive:
        m_Background: {fileID: 0}
        m_TextColor: {r: 0, g: 0, b: 0, a: 1}
      m_OnFocused:
        m_Background: {fileID: 0}
        m_TextColor: {r: 0, g: 0, b: 0, a: 1}
      m_Border:
        m_Left: 6
        m_Right: 6
        m_Top: 6
        m_Bottom: 6
      m_Margin:
        m_Left: 4
        m_Right: 4
        m_Top: 4
        m_Bottom: 4
      m_Padding:
        m_Left: 0
        m_Right: 0
        m_Top: 12
        m_Bottom: 12
      m_Overflow:
        m_Left: 0
        m_Right: 0
        m_Top: 0
        m_Bottom: 0
      m_Font: {fileID: 0}
      m_FontSize: 0
      m_FontStyle: 0
      m_Alignment: 4
      m_WordWrap: 1
      m_RichText: 1
      m_TextClipping: 1
      m_ImagePosition: 0
      m_ContentOffset: {x: 0, y: 0}
      m_FixedWidth: 0
      m_FixedHeight: 0
      m_StretchWidth: 1
      m_StretchHeight: 0
    navButton:
      m_Name: button
      m_Normal:
        m_Background: {fileID: 11006, guid: 0000000000000000e000000000000000, type: 0}
        m_TextColor: {r: 1, g: 1, b: 1, a: 1}
      m_Hover:
        m_Background: {fileID: 11003, guid: 0000000000000000e000000000000000, type: 0}
        m_TextColor: {r: 1, g: 1, b: 1, a: 1}
      m_Active:
        m_Background: {fileID: 11002, guid: 0000000000000000e000000000000000, type: 0}
        m_TextColor: {r: .899999976, g: .899999976, b: .899999976, a: 1}
      m_Focused:
        m_Background: {fileID: 0}
        m_TextColor: {r: 1, g: 1, b: 1, a: 1}
      m_OnNormal:
        m_Background: {fileID: 11005, guid: 0000000000000000e000000000000000, type: 0}
        m_TextColor: {r: .90196079, g: .90196079, b: .90196079, a: 1}
      m_OnHover:
        m_Background: {fileID: 11004, guid: 0000000000000000e000000000000000, type: 0}
        m_TextColor: {r: 1, g: 1, b: 1, a: 1}
      m_OnActive:
        m_Background: {fileID: 11002, guid: 0000000000000000e000000000000000, type: 0}
        m_TextColor: {r: .899999976, g: .899999976, b: .899999976, a: 1}
      m_OnFocused:
        m_Background: {fileID: 0}
        m_TextColor: {r: 0, g: 0, b: 0, a: 1}
      m_Border:
        m_Left: 6
        m_Right: 6
        m_Top: 6
        m_Bottom: 4
      m_Margin:
        m_Left: 4
        m_Right: 4
        m_Top: 4
        m_Bottom: 4
      m_Padding:
        m_Left: 10
        m_Right: 10
        m_Top: 10
        m_Bottom: 10
      m_Overflow:
        m_Left: 0
        m_Right: 0
        m_Top: 0
        m_Bottom: 0
      m_Font: {fileID: 0}
      m_FontSize: 0
      m_FontStyle: 0
      m_Alignment: 4
      m_WordWrap: 0
      m_RichText: 1
      m_TextClipping: 1
      m_ImagePosition: 0
      m_ContentOffset: {x: 0, y: 0}
      m_FixedWidth: 0
      m_FixedHeight: 0
      m_StretchWidth: 1
      m_StretchHeight: 0
    textLabel:
      m_Name: box
      m_Normal:
        m_Background: {fileID: 10305, guid: 0000000000000000f000000000000000, type: 0}
        m_TextColor: {r: 1, g: 1, b: 1, a: 1}
      m_Hover:
        m_Background: {fileID: 0}
        m_TextColor: {r: 0, g: 0, b: 0, a: 1}
      m_Active:
        m_Background: {fileID: 0}
        m_TextColor: {r: 0, g: 0, b: 0, a: 1}
      m_Focused:
        m_Background: {fileID: 0}
        m_TextColor: {r: 0, g: 0, b: 0, a: 1}
      m_OnNormal:
        m_Background: {fileID: 0}
        m_TextColor: {r: 0, g: 0, b: 0, a: 1}
      m_OnHover:
        m_Background: {fileID: 0}
        m_TextColor: {r: 0, g: 0, b: 0, a: 1}
      m_OnActive:
        m_Background: {fileID: 0}
        m_TextColor: {r: 0, g: 0, b: 0, a: 1}
      m_OnFocused:
        m_Background: {fileID: 0}
        m_TextColor: {r: 0, g: 0, b: 0, a: 1}
      m_Border:
        m_Left: 6
        m_Right: 6
        m_Top: 6
        m_Bottom: 6
      m_Margin:
        m_Left: 4
        m_Right: 4
        m_Top: 4
        m_Bottom: 4
      m_Padding:
        m_Left: 0
        m_Right: 0
        m_Top: 12
        m_Bottom: 12
      m_Overflow:
        m_Left: 0
        m_Right: 0
        m_Top: 0
        m_Bottom: 0
      m_Font: {fileID: 0}
      m_FontSize: 0
      m_FontStyle: 0
      m_Alignment: 4
      m_WordWrap: 1
      m_RichText: 1
      m_TextClipping: 1
      m_ImagePosition: 0
      m_ContentOffset: {x: 0, y: 0}
      m_FixedWidth: 0
      m_FixedHeight: 0
      m_StretchWidth: 1
      m_StretchHeight: 0
  _GUIImages:
    back: {fileID: 2800000, guid: 1c4b864602f02284fb1c0eb0b7a05cb6, type: 3}
    folder: {fileID: 2800000, guid: e724a2f880ce7a141aef7f5a652b1ee6, type: 3}
    music: {fileID: 2800000, guid: bb13d19aab490b743b2546a506f26bb6, type: 3}
    play: {fileID: 2800000, guid: bb21f70873411804380cb762396a53c8, type: 3}
    pause: {fileID: 2800000, guid: 8d3ffcbd4abe1184fab4f0d8361aad8b, type: 3}
    reset: {fileID: 2800000, guid: dbc73ddf54759204298d87548f07dec6, type: 3}
    check: {fileID: 2800000, guid: 7b415767393af5e46bda52555a3bad26, type: 3}
    remove: {fileID: 2800000, guid: bb6aa906f8fcd234387916937a4dd0ad, type: 3}
    instructions: {fileID: 2800000, guid: baa74938e8ed16343a4b1607360a3e18, type: 3}
    mainbg: {fileID: 2800000, guid: 8a7c874b117c46b489e1868c0679e6ca, type: 3}
--- !u!1 &718252098
GameObject:
  m_ObjectHideFlags: 0
  m_PrefabParentObject: {fileID: 0}
  m_PrefabInternal: {fileID: 0}
  serializedVersion: 4
  m_Component:
  - 4: {fileID: 718252099}
  - 114: {fileID: 718252101}
  - 96: {fileID: 718252100}
  - 50: {fileID: 718252102}
  - 120: {fileID: 718252103}
  m_Layer: 8
  m_Name: Frequency-line
  m_TagString: Untagged
  m_Icon: {fileID: 0}
  m_NavMeshLayer: 0
  m_StaticEditorFlags: 0
  m_IsActive: 0
--- !u!4 &718252099
Transform:
  m_ObjectHideFlags: 0
  m_PrefabParentObject: {fileID: 0}
  m_PrefabInternal: {fileID: 0}
  m_GameObject: {fileID: 718252098}
  m_LocalRotation: {x: 0, y: 0, z: 0, w: 1}
  m_LocalPosition: {x: 13.9700003, y: 7.28000021, z: -6.71999979}
  m_LocalScale: {x: 1, y: 1, z: 1}
  m_Children: []
  m_Father: {fileID: 0}
  m_RootOrder: 3
--- !u!96 &718252100
TrailRenderer:
  m_ObjectHideFlags: 0
  m_PrefabParentObject: {fileID: 0}
  m_PrefabInternal: {fileID: 0}
  m_GameObject: {fileID: 718252098}
  m_Enabled: 1
  m_CastShadows: 1
  m_ReceiveShadows: 1
  m_Materials:
  - {fileID: 2100000, guid: 7168bd49f67af5043a1aa0712943e3f6, type: 2}
  m_SubsetIndices: 
  m_StaticBatchRoot: {fileID: 0}
  m_UseLightProbes: 1
  m_ReflectionProbeUsage: 1
  m_ProbeAnchor: {fileID: 0}
  m_ScaleInLightmap: 1
  m_PreserveUVs: 0
  m_ImportantGI: 0
  m_AutoUVMaxDistance: .5
  m_AutoUVMaxAngle: 89
  m_LightmapParameters: {fileID: 0}
  m_SortingLayerID: 0
  m_SortingOrder: 0
  m_Time: .800000012
  m_StartWidth: 0
  m_EndWidth: .100000001
  m_Colors:
    m_Color[0]:
      serializedVersion: 2
      rgba: 4294967295
    m_Color[1]:
      serializedVersion: 2
      rgba: 4294967295
    m_Color[2]:
      serializedVersion: 2
      rgba: 4294967295
    m_Color[3]:
      serializedVersion: 2
      rgba: 4294967295
    m_Color[4]:
      serializedVersion: 2
      rgba: 16777215
  m_MinVertexDistance: .100000001
  m_Autodestruct: 0
--- !u!114 &718252101
MonoBehaviour:
  m_ObjectHideFlags: 0
  m_PrefabParentObject: {fileID: 0}
  m_PrefabInternal: {fileID: 0}
  m_GameObject: {fileID: 718252098}
  m_Enabled: 1
  m_EditorHideFlags: 0
  m_Script: {fileID: 11500000, guid: 8385bd35d31ab7641aec3d95b8238484, type: 3}
  m_Name: 
  m_EditorClassIdentifier: 
  channel: 1
  numSamples: 256
  frequency: 0
  Scoretext: {fileID: 2058089128}
--- !u!50 &718252102
Rigidbody2D:
  serializedVersion: 2
  m_ObjectHideFlags: 0
  m_PrefabParentObject: {fileID: 0}
  m_PrefabInternal: {fileID: 0}
  m_GameObject: {fileID: 718252098}
  m_Mass: 1
  m_LinearDrag: 0
  m_AngularDrag: .0500000007
  m_GravityScale: 1
  m_IsKinematic: 1
  m_Interpolate: 0
  m_SleepingMode: 1
  m_CollisionDetection: 0
  m_Constraints: 0
--- !u!120 &718252103
LineRenderer:
  m_ObjectHideFlags: 0
  m_PrefabParentObject: {fileID: 0}
  m_PrefabInternal: {fileID: 0}
  m_GameObject: {fileID: 718252098}
  m_Enabled: 1
  m_CastShadows: 1
  m_ReceiveShadows: 1
  m_Materials:
  - {fileID: 0}
  m_SubsetIndices: 
  m_StaticBatchRoot: {fileID: 0}
  m_UseLightProbes: 1
  m_ReflectionProbeUsage: 1
  m_ProbeAnchor: {fileID: 0}
  m_ScaleInLightmap: 1
  m_PreserveUVs: 0
  m_ImportantGI: 0
  m_AutoUVMaxDistance: .5
  m_AutoUVMaxAngle: 89
  m_LightmapParameters: {fileID: 0}
  m_SortingLayerID: 0
  m_SortingOrder: 0
  m_Positions:
  - {x: 0, y: 0, z: 0}
  - {x: 0, y: 0, z: 1}
  m_Parameters:
    startWidth: 1
    endWidth: 1
    m_StartColor:
      serializedVersion: 2
      rgba: 4294967295
    m_EndColor:
      serializedVersion: 2
      rgba: 4294967295
  m_UseWorldSpace: 1
--- !u!1 &1241336064 stripped
GameObject:
  m_PrefabParentObject: {fileID: 150518, guid: c9032b02cd4e93c4991b9b80aac74f8d, type: 2}
  m_PrefabInternal: {fileID: 620027398}
--- !u!1 &1246843079
GameObject:
  m_ObjectHideFlags: 0
  m_PrefabParentObject: {fileID: 0}
  m_PrefabInternal: {fileID: 0}
  serializedVersion: 4
  m_Component:
  - 4: {fileID: 1246843083}
  - 114: {fileID: 1246843082}
  - 114: {fileID: 1246843081}
  - 114: {fileID: 1246843080}
  m_Layer: 0
  m_Name: EventSystem
  m_TagString: Untagged
  m_Icon: {fileID: 0}
  m_NavMeshLayer: 0
  m_StaticEditorFlags: 0
  m_IsActive: 1
--- !u!114 &1246843080
MonoBehaviour:
  m_ObjectHideFlags: 0
  m_PrefabParentObject: {fileID: 0}
  m_PrefabInternal: {fileID: 0}
  m_GameObject: {fileID: 1246843079}
  m_Enabled: 1
  m_EditorHideFlags: 0
  m_Script: {fileID: 1997211142, guid: f5f67c52d1564df4a8936ccd202a3bd8, type: 3}
  m_Name: 
  m_EditorClassIdentifier: 
  m_AllowActivationOnStandalone: 0
--- !u!114 &1246843081
MonoBehaviour:
  m_ObjectHideFlags: 0
  m_PrefabParentObject: {fileID: 0}
  m_PrefabInternal: {fileID: 0}
  m_GameObject: {fileID: 1246843079}
  m_Enabled: 1
  m_EditorHideFlags: 0
  m_Script: {fileID: 1077351063, guid: f5f67c52d1564df4a8936ccd202a3bd8, type: 3}
  m_Name: 
  m_EditorClassIdentifier: 
  m_HorizontalAxis: Horizontal
  m_VerticalAxis: Vertical
  m_SubmitButton: Submit
  m_CancelButton: Cancel
  m_InputActionsPerSecond: 10
  m_RepeatDelay: .5
  m_AllowActivationOnMobileDevice: 0
--- !u!114 &1246843082
MonoBehaviour:
  m_ObjectHideFlags: 0
  m_PrefabParentObject: {fileID: 0}
  m_PrefabInternal: {fileID: 0}
  m_GameObject: {fileID: 1246843079}
  m_Enabled: 1
  m_EditorHideFlags: 0
  m_Script: {fileID: -619905303, guid: f5f67c52d1564df4a8936ccd202a3bd8, type: 3}
  m_Name: 
  m_EditorClassIdentifier: 
  m_FirstSelected: {fileID: 0}
  m_sendNavigationEvents: 1
  m_DragThreshold: 5
--- !u!4 &1246843083
Transform:
  m_ObjectHideFlags: 0
  m_PrefabParentObject: {fileID: 0}
  m_PrefabInternal: {fileID: 0}
  m_GameObject: {fileID: 1246843079}
  m_LocalRotation: {x: 0, y: 0, z: 0, w: 1}
  m_LocalPosition: {x: 23.7000008, y: 0, z: 0}
  m_LocalScale: {x: 1, y: 1, z: 1}
  m_Children: []
  m_Father: {fileID: 0}
  m_RootOrder: 1
--- !u!1 &1426369576
GameObject:
  m_ObjectHideFlags: 0
  m_PrefabParentObject: {fileID: 0}
  m_PrefabInternal: {fileID: 0}
  serializedVersion: 4
  m_Component:
  - 4: {fileID: 1426369578}
  - 108: {fileID: 1426369577}
  m_Layer: 0
  m_Name: Directional light
  m_TagString: Untagged
  m_Icon: {fileID: 0}
  m_NavMeshLayer: 0
  m_StaticEditorFlags: 0
  m_IsActive: 1
--- !u!108 &1426369577
Light:
  m_ObjectHideFlags: 0
  m_PrefabParentObject: {fileID: 0}
  m_PrefabInternal: {fileID: 0}
  m_GameObject: {fileID: 1426369576}
  m_Enabled: 1
  serializedVersion: 6
  m_Type: 1
  m_Color: {r: 1, g: 1, b: 1, a: 1}
  m_Intensity: 1
  m_Range: 10
  m_SpotAngle: 30
  m_CookieSize: 10
  m_Shadows:
    m_Type: 0
    m_Resolution: -1
    m_Strength: 1
    m_Bias: .0500000007
    m_NormalBias: .400000006
  m_Cookie: {fileID: 0}
  m_DrawHalo: 0
  m_Flare: {fileID: 0}
  m_RenderMode: 0
  m_CullingMask:
    serializedVersion: 2
    m_Bits: 4294967295
  m_Lightmapping: 4
  m_BounceIntensity: 1
  m_ShadowRadius: 0
  m_ShadowAngle: 0
  m_AreaSize: {x: 1, y: 1}
--- !u!4 &1426369578
Transform:
  m_ObjectHideFlags: 0
  m_PrefabParentObject: {fileID: 0}
  m_PrefabInternal: {fileID: 0}
  m_GameObject: {fileID: 1426369576}
  m_LocalRotation: {x: .0974586233, y: -.257498294, z: .0261139665, w: .960996687}
  m_LocalPosition: {x: 33.2999992, y: 5.23000002, z: -3.54999995}
  m_LocalScale: {x: 1, y: 1, z: 1}
  m_Children: []
  m_Father: {fileID: 0}
  m_RootOrder: 2
--- !u!1 &1714368104
GameObject:
  m_ObjectHideFlags: 0
  m_PrefabParentObject: {fileID: 0}
  m_PrefabInternal: {fileID: 0}
  serializedVersion: 4
  m_Component:
  - 224: {fileID: 1714368105}
  - 222: {fileID: 1714368107}
  - 114: {fileID: 1714368106}
  - 114: {fileID: 1714368108}
  m_Layer: 5
  m_Name: Shurikens
  m_TagString: Untagged
  m_Icon: {fileID: 0}
  m_NavMeshLayer: 0
  m_StaticEditorFlags: 0
  m_IsActive: 0
--- !u!224 &1714368105
RectTransform:
  m_ObjectHideFlags: 0
  m_PrefabParentObject: {fileID: 0}
  m_PrefabInternal: {fileID: 0}
  m_GameObject: {fileID: 1714368104}
  m_LocalRotation: {x: 0, y: 0, z: 0, w: 1}
  m_LocalPosition: {x: 0, y: 0, z: 0}
  m_LocalScale: {x: 1, y: 1, z: 1}
  m_Children: []
  m_Father: {fileID: 676531607}
  m_RootOrder: 0
  m_AnchorMin: {x: .033820875, y: .871274829}
  m_AnchorMax: {x: .40200001, y: .965000033}
  m_AnchoredPosition: {x: 13, y: -7}
  m_SizeDelta: {x: 0, y: 0}
  m_Pivot: {x: .5, y: .5}
--- !u!114 &1714368106
MonoBehaviour:
  m_ObjectHideFlags: 0
  m_PrefabParentObject: {fileID: 0}
  m_PrefabInternal: {fileID: 0}
  m_GameObject: {fileID: 1714368104}
  m_Enabled: 1
  m_EditorHideFlags: 0
  m_Script: {fileID: 708705254, guid: f5f67c52d1564df4a8936ccd202a3bd8, type: 3}
  m_Name: 
  m_EditorClassIdentifier: 
  m_Material: {fileID: 0}
  m_Color: {r: 1, g: .132352948, b: .132352948, a: 1}
  m_FontData:
    m_Font: {fileID: 12800000, guid: fb8d4f926ddd8974397f66a29dae1039, type: 3}
    m_FontSize: 27
    m_FontStyle: 0
    m_BestFit: 0
    m_MinSize: 10
    m_MaxSize: 40
    m_Alignment: 0
    m_RichText: 0
    m_HorizontalOverflow: 0
    m_VerticalOverflow: 0
    m_LineSpacing: 1
  m_Text: 'shurikens:'
--- !u!222 &1714368107
CanvasRenderer:
  m_ObjectHideFlags: 0
  m_PrefabParentObject: {fileID: 0}
  m_PrefabInternal: {fileID: 0}
  m_GameObject: {fileID: 1714368104}
--- !u!114 &1714368108
MonoBehaviour:
  m_ObjectHideFlags: 0
  m_PrefabParentObject: {fileID: 0}
  m_PrefabInternal: {fileID: 0}
  m_GameObject: {fileID: 1714368104}
  m_Enabled: 1
  m_EditorHideFlags: 0
  m_Script: {fileID: -900027084, guid: f5f67c52d1564df4a8936ccd202a3bd8, type: 3}
  m_Name: 
  m_EditorClassIdentifier: 
  m_EffectColor: {r: 0, g: 0, b: 0, a: .5}
  m_EffectDistance: {x: 2, y: 2}
  m_UseGraphicAlpha: 1
--- !u!1 &1762588552
GameObject:
  m_ObjectHideFlags: 0
  m_PrefabParentObject: {fileID: 0}
  m_PrefabInternal: {fileID: 0}
  serializedVersion: 4
  m_Component:
  - 4: {fileID: 1762588554}
  - 114: {fileID: 1762588553}
  - 82: {fileID: 1762588555}
  m_Layer: 0
  m_Name: GameUpdate
  m_TagString: Untagged
  m_Icon: {fileID: 0}
  m_NavMeshLayer: 0
  m_StaticEditorFlags: 0
  m_IsActive: 1
--- !u!114 &1762588553
MonoBehaviour:
  m_ObjectHideFlags: 0
  m_PrefabParentObject: {fileID: 0}
  m_PrefabInternal: {fileID: 0}
  m_GameObject: {fileID: 1762588552}
  m_Enabled: 1
  m_EditorHideFlags: 0
  m_Script: {fileID: 11500000, guid: 27ce2af4147bbf04786cc0d545bb6aee, type: 3}
  m_Name: 
  m_EditorClassIdentifier: 
  defaultTrack: {fileID: 8300000, guid: ae504f1ed0bc0d34ab817cbb8e69cc30, type: 3}
  scoreText: {fileID: 2058089128}
  BGImage: {fileID: 2081124986}
  frequencyLine: {fileID: 718252098}
  mainMaterial: {fileID: 2100000, guid: 6bc599e9152aa5d489c5b47972f09af7, type: 2}
  lineMaterial: {fileID: 2100000, guid: ec75e520341009b45b6696de03fe7cbf, type: 2}
--- !u!4 &1762588554
Transform:
  m_ObjectHideFlags: 0
  m_PrefabParentObject: {fileID: 0}
  m_PrefabInternal: {fileID: 0}
  m_GameObject: {fileID: 1762588552}
  m_LocalRotation: {x: 0, y: 0, z: 0, w: 1}
  m_LocalPosition: {x: 15.0670156, y: .460738778, z: 0}
  m_LocalScale: {x: 1, y: 1, z: 1}
  m_Children: []
  m_Father: {fileID: 0}
  m_RootOrder: 0
--- !u!82 &1762588555
AudioSource:
  m_ObjectHideFlags: 0
  m_PrefabParentObject: {fileID: 0}
  m_PrefabInternal: {fileID: 0}
  m_GameObject: {fileID: 1762588552}
  m_Enabled: 1
  serializedVersion: 4
  OutputAudioMixerGroup: {fileID: 0}
  m_audioClip: {fileID: 0}
  m_PlayOnAwake: 0
  m_Volume: 1
  m_Pitch: 1
  Loop: 1
  Mute: 0
  Priority: 128
  DopplerLevel: 1
  MinDistance: 1
  MaxDistance: 500
  Pan2D: 0
  rolloffMode: 0
  BypassEffects: 0
  BypassListenerEffects: 0
  BypassReverbZones: 0
  rolloffCustomCurve:
    serializedVersion: 2
    m_Curve:
    - time: 0
      value: 1
      inSlope: 0
      outSlope: 0
      tangentMode: 0
    - time: 1
      value: 0
      inSlope: 0
      outSlope: 0
      tangentMode: 0
    m_PreInfinity: 2
    m_PostInfinity: 2
  panLevelCustomCurve:
    serializedVersion: 2
    m_Curve:
    - time: 0
      value: 0
      inSlope: 0
      outSlope: 0
      tangentMode: 0
    m_PreInfinity: 2
    m_PostInfinity: 2
  spreadCustomCurve:
    serializedVersion: 2
    m_Curve:
    - time: 0
      value: 0
      inSlope: 0
      outSlope: 0
      tangentMode: 0
    m_PreInfinity: 2
    m_PostInfinity: 2
  reverbZoneMixCustomCurve:
    serializedVersion: 2
    m_Curve:
    - time: 0
      value: 1
      inSlope: 0
      outSlope: 0
      tangentMode: 0
    m_PreInfinity: 2
    m_PostInfinity: 2
--- !u!1 &2058089125
GameObject:
  m_ObjectHideFlags: 0
  m_PrefabParentObject: {fileID: 0}
  m_PrefabInternal: {fileID: 0}
  serializedVersion: 4
  m_Component:
  - 224: {fileID: 2058089126}
  - 222: {fileID: 2058089129}
  - 114: {fileID: 2058089128}
  - 114: {fileID: 2058089127}
  m_Layer: 5
  m_Name: Score
  m_TagString: Score
  m_Icon: {fileID: 0}
  m_NavMeshLayer: 0
  m_StaticEditorFlags: 0
  m_IsActive: 1
--- !u!224 &2058089126
RectTransform:
  m_ObjectHideFlags: 0
  m_PrefabParentObject: {fileID: 0}
  m_PrefabInternal: {fileID: 0}
  m_GameObject: {fileID: 2058089125}
  m_LocalRotation: {x: 0, y: 0, z: 0, w: 1}
  m_LocalPosition: {x: 0, y: 0, z: 0}
  m_LocalScale: {x: 1, y: 1, z: 1}
  m_Children: []
  m_Father: {fileID: 676531607}
  m_RootOrder: 1
  m_AnchorMin: {x: 1, y: 1}
  m_AnchorMax: {x: 1, y: 1}
  m_AnchoredPosition: {x: -197.749969, y: -28.5389996}
  m_SizeDelta: {x: 324, y: 57.3279991}
  m_Pivot: {x: .5, y: .5}
--- !u!114 &2058089127
MonoBehaviour:
  m_ObjectHideFlags: 0
  m_PrefabParentObject: {fileID: 0}
  m_PrefabInternal: {fileID: 0}
  m_GameObject: {fileID: 2058089125}
  m_Enabled: 1
  m_EditorHideFlags: 0
  m_Script: {fileID: -900027084, guid: f5f67c52d1564df4a8936ccd202a3bd8, type: 3}
  m_Name: 
  m_EditorClassIdentifier: 
  m_EffectColor: {r: 0, g: 0, b: 0, a: .5}
  m_EffectDistance: {x: 2, y: 2}
  m_UseGraphicAlpha: 1
--- !u!114 &2058089128
MonoBehaviour:
  m_ObjectHideFlags: 0
  m_PrefabParentObject: {fileID: 0}
  m_PrefabInternal: {fileID: 0}
  m_GameObject: {fileID: 2058089125}
  m_Enabled: 1
  m_EditorHideFlags: 0
  m_Script: {fileID: 708705254, guid: f5f67c52d1564df4a8936ccd202a3bd8, type: 3}
  m_Name: 
  m_EditorClassIdentifier: 
  m_Material: {fileID: 0}
  m_Color: {r: 1, g: 1, b: 1, a: 1}
  m_FontData:
    m_Font: {fileID: 12800000, guid: fb8d4f926ddd8974397f66a29dae1039, type: 3}
    m_FontSize: 27
    m_FontStyle: 0
    m_BestFit: 0
    m_MinSize: 10
    m_MaxSize: 40
    m_Alignment: 8
    m_RichText: 0
    m_HorizontalOverflow: 0
    m_VerticalOverflow: 0
    m_LineSpacing: 1
  m_Text: 
--- !u!222 &2058089129
CanvasRenderer:
  m_ObjectHideFlags: 0
  m_PrefabParentObject: {fileID: 0}
  m_PrefabInternal: {fileID: 0}
  m_GameObject: {fileID: 2058089125}
--- !u!1 &2081124986
GameObject:
  m_ObjectHideFlags: 0
  m_PrefabParentObject: {fileID: 0}
  m_PrefabInternal: {fileID: 0}
  serializedVersion: 4
  m_Component:
  - 224: {fileID: 2081124989}
  - 222: {fileID: 2081124988}
  - 114: {fileID: 2081124987}
  m_Layer: 5
  m_Name: BGImage
  m_TagString: Untagged
  m_Icon: {fileID: 0}
  m_NavMeshLayer: 0
  m_StaticEditorFlags: 0
  m_IsActive: 1
--- !u!114 &2081124987
MonoBehaviour:
  m_ObjectHideFlags: 0
  m_PrefabParentObject: {fileID: 0}
  m_PrefabInternal: {fileID: 0}
  m_GameObject: {fileID: 2081124986}
  m_Enabled: 1
  m_EditorHideFlags: 0
  m_Script: {fileID: -765806418, guid: f5f67c52d1564df4a8936ccd202a3bd8, type: 3}
  m_Name: 
  m_EditorClassIdentifier: 
  m_Material: {fileID: 0}
  m_Color: {r: 1, g: 1, b: 1, a: 1}
  m_Sprite: {fileID: 21300000, guid: 8a7c874b117c46b489e1868c0679e6ca, type: 3}
  m_Type: 1
  m_PreserveAspect: 1
  m_FillCenter: 1
  m_FillMethod: 4
  m_FillAmount: 1
  m_FillClockwise: 1
  m_FillOrigin: 0
--- !u!222 &2081124988
CanvasRenderer:
  m_ObjectHideFlags: 0
  m_PrefabParentObject: {fileID: 0}
  m_PrefabInternal: {fileID: 0}
  m_GameObject: {fileID: 2081124986}
--- !u!224 &2081124989
RectTransform:
  m_ObjectHideFlags: 0
  m_PrefabParentObject: {fileID: 0}
  m_PrefabInternal: {fileID: 0}
  m_GameObject: {fileID: 2081124986}
  m_LocalRotation: {x: 0, y: 0, z: 0, w: 1}
  m_LocalPosition: {x: 0, y: 0, z: 0}
  m_LocalScale: {x: 1, y: 1, z: 1}
  m_Children: []
  m_Father: {fileID: 676531607}
  m_RootOrder: 2
  m_AnchorMin: {x: 0, y: 0}
  m_AnchorMax: {x: 1, y: 1}
  m_AnchoredPosition: {x: 0, y: 1.95503235e-05}
  m_SizeDelta: {x: 0, y: 0}
  m_Pivot: {x: .5, y: .5}
